@manual{cfr_wiki,
	title = "Case fatality rate",
	copyright = "Creative Commons Attribution-ShareAlike License",
	note = "\url{https://en.wikipedia.org/w/index.php?title=Case_fatality_rate&oldid=950768129}",
	journal = {Wikipedia},
	year = "2020 (accessed May 27, 2020)",
	author = "Wikipedia"
}

@manual{seir,
	title = {Epidemic Calculator},
	note = "\url{http://gabgoh.github.io/COVID/}",
	year = "2020 (accessed May 27, 2020)",
	author = "Gabriel Goh"	
}

@manual{ihme,
	title = {Institute for Health Metrics and Evaluation},
	note = "\url{http://www.healthdata.org/institute-health-metrics-and-evaluation}",
	year = "2020 (accessed May 27, 2020)",
	author = "IHME"
}

@manual{pyramids,
	title = {Population Pyramids of the World from 1950 to 2100},
	note = "\url{https://www.populationpyramid.net/}",
	year = "2020 (accessed May 27, 2020)",
	author = "Population Pyramids"	
}

@manual{IMF,
	title = {IMF},
	note = "\url{https://www.imf.org/~/media/Files/Publications/WEO/2020/April/English/execsum.ashx?la=en}",
	year = "2020 (accessed May 27, 2020)",
	author = "IMF"
}

@manual{worldbank,
	title = {World Bank},
	note = "\url{https://data.worldbank.org/indicator/SI.POV.DDA}",
	year = "2020 (accessed May 27, 2020)",
	author = "World Bank"
}

	
	
@article{Baker_NZL_2020,
	Abstract = {In this editorial we summarise the threat posed by the {COVID}-19 pandemic, the justification for the elimination strategy adopted by New Zealand, and some of the actions required to maximise the chances of success.},
	Author = {Michael G Baker and Amanda Kvalsvig and Ayesha J Verrall and Lucy Telfar-Barnard and Nick Wilson},
	Date-Added = {2020-04-16 12:16:18 +0200},
	Date-Modified = {2020-04-16 12:46:12 +0200},
	Journal = {New Zealand Medical Journal},
	Month = {April},
	Number = {1512},
	Title = {New Zealand's elimination strategy for the {COVID}-19 pandemic and what is required to make it work},
	Volume = {133},
	Year = {2020},
}

@techreport{imperial,
	Author = {Neil M Ferguson and Daniel Laydon and Gemma Nedjati-Gilani and Natsuko Imai and Kylie Ainslie and Marc Baguelin, Sangeeta Bhatia and Adhiratha Boonyasiri and Zulma Cucunub{\'a} and Gina Cuomo-Dannenburg and Amy Dighe and Ilaria Dorigatti and Han Fu and Katy Gaythorpe and Will Green and Arran Hamlet and Wes Hinsley and Lucy C Okell and Sabine van Elsland and Hayley Thompson and Robert Verity and Erik Volz and Haowei Wang and Yuanrong Wang and Patrick GT Walker, Caroline Walters and Peter Winskill and Charles Whittaker and Christl A Donnelly and Steven Riley and Azra C Ghani},
	Date-Added = {2020-04-16 12:56:22 +0200},
	Date-Modified = {2020-04-16 13:03:47 +0200},
	Institution = {Imperial College},
	Month = {3},
	Title = {Impact of non-pharmaceutical interventions ({NPI}s) to reduce {COVID19} mortality and healthcare demand},
	Year = {2020},
	note = "\url{https://www.imperial.ac.uk/media/imperial-college/medicine/sph/ide/gida-fellowships/Imperial-College-COVID19-NPI-modelling-16-03-2020.pdf}",
}

@misc{expectancies,
	title = {Life tables by WHO},
	note = "\url{https://apps.who.int/gho/data/view.main.LIFEREGIONGLOBAL?lang=en}",
	year = "2020 (accessed May 27, 2020)",
	author = "WHO"
}

@article{major,
	author = {Hannah Ritchie and Max Roser},
	title = {Causes of Death},
	journal = {Our World in Data},	
	year = "2020 (accessed May 27, 2020)",
	note = "\url{https://ourworldindata.org/causes-of-death}"
}

@article{cfrs,
	author = {Max Roser and Hannah Ritchie and Esteban Ortiz-Ospina and Joe Hasell},
	title = {Coronavirus Disease ({COVID-19}) – Statistics and Research},
	journal = {Our World in Data},
	year = "2020 (accessed May 27, 2020)",
	note = "\url{https://ourworldindata.org/coronavirus}"
}

@misc{price,
	author = {Stanford GSB Staff},
	title = {How Much Will We Pay for a Year of Life?},
	note = "\url{https://www.gsb.stanford.edu/insights/how-much-will-we-pay-year-life}",
	language = {en},
	urldate = {2020-04-16},
}

@misc{blog,
	title = {The maths and ethics of minimising {COVID}-19 deaths in {NZ} – {Public} {Health} {Expert}, {University} of {Otago}, {New} {Zealand}},
	note = "\url{https://blogs.otago.ac.nz/pubhealthexpert/2020/03/23/the-maths-and-ethics-of-minimising-covid-19-deaths-in-nz/}",
	year = "2020 (accessed May 27, 2020)",
	author = "Otago"
}

@article{nytimes,
	chapter = {The Upshot},
	title = {Could {Coronavirus} {Cause} as {Many} {Deaths} as {Cancer} in the {U}.{S}.? {Putting} {Estimates} in {Context}},
	issn = {0362-4331},
	shorttitle = {Could {Coronavirus} {Cause} as {Many} {Deaths} as {Cancer} in the {U}.{S}.?},
	note = "\url{https://www.nytimes.com/interactive/2020/03/16/upshot/coronavirus-best-worst-death-toll-scenario.html}",
	abstract = {How the best- and worst-case scenarios compare with other common killers.},
	language = {en-US},
	urldate = {2020-04-16},
	journal = {The New York Times},
	author = {Katz, Josh and Sanger-Katz, Margot and Quealy, Kevin},
	year = {2020},
	keywords = {Centers for Disease Control and Prevention,
	  Coronavirus (2019-nCoV), Deaths (Fatalities), Medicine and Health}
}
